% Bibliografía

% Este fichero contiene la bibliografía de la memoria
% Está en un formato que se conoce como BibTex.
% Hay muchos sitios web que exportan referencias en formato BibTeX. 
% Prueba a buscar en http://scholar.google.com por referencias
% y verás que lo puedes hacer de manera sencilla.
% Más información: 
% http://texblog.org/2014/04/22/using-google-scholar-to-download-bibtex-citations/

% Existen varias posibilidades para referenciar diferentes tipos de documentos,
% ya que los datos necesarios varían. Así, existen formatos de entrada para
%     * libros (book)
%     * artículos en revistas de investigación (article)
%     * capítulos de libro (incollection)
%     * informes técnicos (techreport)
%     * otros (misc)
%
% Las páginas web deberían ir como misc.

% Una última cosa: no referencias nunca la WikiPedia
% La WikiPedia, como buena enciclopedia, no es fuente primaria.
% Si acaso, busca por citas en la WikiPedia (que sí ha de referenciar fuentes
% primarias) y haz referencia a las mismas.

@book{mackenzie2003comparing,
  title={Comparing and Merging Files with GNU diff and patch},
  author={MacKenzie, David and Eggert, Paul and Stallman, Richard},
  year={2003},
  publisher={Network Theory Ltd.}
}

@book{koch2005free,
  title={Free/open source software development},
  author={Koch, Stefan},
  year={2005},
  publisher={Igi Global}
}

@article{zimmermann2005mining,
  title={Mining version histories to guide software changes},
  author={Zimmermann, Thomas and Zeller, Andreas and Weissgerber, Peter and Diehl, Stephan},
  journal={Software Engineering, IEEE Transactions on},
  volume={31},
  number={6},
  pages={429--445},
  year={2005},
  publisher={IEEE}
}
@article{pan2009toward,
  title={Toward an understanding of bug fix patterns},
  author={Pan, Kai and Kim, Sunghun and Whitehead Jr, E James},
  journal={Empirical Software Engineering},
  volume={14},
  number={3},
  pages={286--315},
  year={2009},
  publisher={Springer}
}
@article{sliwerski2005changes,
  title={When do changes induce fixes?},
  author={{\'S}liwerski, Jacek and Zimmermann, Thomas and Zeller, Andreas},
  journal={ACM sigsoft software engineering notes},
  volume={30},
  number={4},
  pages={1--5},
  year={2005},
  publisher={ACM}
}
@inproceedings{williams2008szz,
  title={Szz revisited: verifying when changes induce fixes},
  author={Williams, Chadd and Spacco, Jaime},
  booktitle={Proceedings of the 2008 workshop on Defects in large software systems},
  pages={32--36},
  year={2008},
  organization={ACM}
}
@article{kim2008classifying,
  title={Classifying software changes: Clean or buggy?},
  author={Kim, Sunghun and Whitehead Jr, E James and Zhang, Yi},
  journal={Software Engineering, IEEE Transactions on},
  volume={34},
  number={2},
  pages={181--196},
  year={2008},
  publisher={IEEE}
}

@article{izquierdo2011developers,
  title={Are Developers Fixing Their Own Bugs?: Tracing Bug-Fixing and Bug-Seeding Committers},
  author={Izquierdo-Cortazar, Daniel and Capiluppi, Andrea and Gonzalez-Barahona, Jesus M},
  journal={International Journal of Open Source Software and Processes (IJOSSP)},
  volume={3},
  number={2},
  pages={23--42},
  year={2011},
  publisher={IGI Global}
}
@article{ukkonen1985algorithms,
  title={Algorithms for approximate string matching},
  author={Ukkonen, Esko},
  journal={Information and control},
  volume={64},
  number={1},
  pages={100--118},
  year={1985},
  publisher={Elsevier}
}
@article{myers1986ano,
  title={AnO (ND) difference algorithm and its variations},
  author={Myers, Eugene W},
  journal={Algorithmica},
  volume={1},
  number={1-4},
  pages={251--266},
  year={1986},
  publisher={Springer}
}
@inproceedings{zimmermann2006mining,
  title={Mining version archives for co-changed lines},
  author={Zimmermann, Thomas and Kim, Sunghun and Zeller, Andreas and Whitehead Jr, E James},
  booktitle={Proceedings of the 2006 international workshop on Mining software repositories},
  pages={72--75},
  year={2006},
  organization={ACM}
}

@inproceedings{yin2011fixes,
  title={How do fixes become bugs?},
  author={Yin, Zuoning and Yuan, Ding and Zhou, Yuanyuan and Pasupathy, Shankar and Bairavasundaram, Lakshmi},
  booktitle={Proceedings of the 19th ACM SIGSOFT symposium and the 13th European conference on Foundations of software engineering},
  pages={26--36},
  year={2011},
  organization={ACM}
}

@inproceedings{hindle2008large,
  title={What do large commits tell us?: a taxonomical study of large commits},
  author={Hindle, Abram and German, Daniel M and Holt, Ric},
  booktitle={Proceedings of the 2008 international working conference on Mining software repositories},
  pages={99--108},
  year={2008},
  organization={ACM}
}
@inproceedings{kim2006automatic,
  title={Automatic identification of bug-introducing changes},
  author={Kim, Sunghun and Zimmermann, Thomas and Pan, Kai and Whitehead Jr, E James},
  booktitle={Automated Software Engineering, 2006. ASE'06. 21st IEEE/ACM International Conference on},
  pages={81--90},
  year={2006},
  organization={IEEE}
}

@incollection{fejzer2015supporting,
  title={Supporting Code Review by Automatic Detection of Potentially Buggy Changes},
  author={Fejzer, Miko{\l}aj and Wojtyna, Micha{\l} and Burza{\'n}ska, Marta and Wi{\'s}niewski, Piotr and Stencel, Krzysztof},
  booktitle={Beyond Databases, Architectures and Structures},
  pages={473--482},
  year={2015},
  publisher={Springer}
}
@inproceedings{vcubranic2003hipikat,
  title={Hipikat: Recommending pertinent software development artifacts},
  author={{\v{C}}ubranic, Davor and Murphy, Gail C},
  booktitle={Software Engineering, 2003. Proceedings. 25th International Conference on},
  pages={408--418},
  year={2003},
  organization={IEEE}
}

@book{fischer2003analyzing,
  title={Analyzing and relating bug report data for feature tracking},
  author={Fischer, Michael and Pinzger, Martin and Gall, Harald},
  booktitle = {WCRE '03 Proceedings of the 10th Working Conference on Reverse Engineering},
  year={2003},
  pages = {90--100},
  publisher={IEEE}
}

@inproceedings{fischer2003populating,
  title={Populating a release history database from version control and bug tracking systems},
  author={Fischer, Michael and Pinzger, Martin and Gall, Harald},
  booktitle={Software Maintenance, 2003. ICSM 2003. Proceedings. International Conference on},
  pages={23--32},
  year={2003},
  organization={IEEE}
}
@inproceedings{yangbug,
  title={Bug Inducing Analysis to Prevent Fault Prone Bug Fixes},
  author={Yang, Haoyu and Wang, Chen and Shi, Qingkai and Feng, Yang and Chen, Zhenyu},
  booktitle={Proceedings of the Twenty-Sixth International Conference on Software Engineering and Knowledge Engineering (SEKE 2014)},
  pages={620--625},
  year={2014}
}
@inproceedings{zimmermann2007predicting,
  title={Predicting defects for eclipse},
  author={Zimmermann, Thomas and Premraj, Rahul and Zeller, Andreas},
  booktitle={Predictor Models in Software Engineering, 2007. PROMISE'07: ICSE Workshops 2007. International Workshop on},
  pages={9--9},
  year={2007},
  organization={IEEE}
}
@inproceedings{kamei2010revisiting,
  title={Revisiting common bug prediction findings using effort-aware models},
  author={Kamei, Yasutaka and Matsumoto, Shinsuke and Monden, Akito and Matsumoto, Ken-ichi and Adams, Bram and Hassan, Ahmed E},
  booktitle={Software Maintenance (ICSM), 2010 IEEE International Conference on},
  pages={1--10},
  year={2010},
  organization={IEEE}
}

@inproceedings{tantithamthavorn2013mining,
  title={Mining A change history to quickly identify bug locations: A case study of the Eclipse project},
  author={Tantithamthavorn, Chakkrit and Teekavanich, Rattamont and Ihara, Akinori and Matsumoto, Ken-ichi},
  booktitle={Software Reliability Engineering Workshops (ISSREW), 2013 IEEE International Symposium on},
  pages={108--113},
  year={2013},
  organization={IEEE}
}
@inproceedings{eyolfson2011time,
  title={Do time of day and developer experience affect commit bugginess?},
  author={Eyolfson, Jon and Tan, Lin and Lam, Patrick},
  booktitle={Proceedings of the 8th Working Conference on Mining Software Repositories},
  pages={153--162},
  year={2011},
  organization={ACM}
}
@inproceedings{asaduzzaman2012bug,
  title={Bug introducing changes: A case study with Android},
  author={Asaduzzaman, Muhammad and Bullock, Michael C and Roy, Chanchal K and Schneider, Kevin A},
  booktitle={Proceedings of the 9th IEEE Working Conference on Mining Software Repositories},
  pages={116--119},
  year={2012},
  organization={IEEE Press}
}
@article{prechelt2014software,
  title={Why software repositories are not used for defect-insertion circumstance analysis more often: A case study},
  author={Prechelt, Lutz and Pepper, Alexander},
  journal={Information and Software Technology},
  volume={56},
  number={10},
  pages={1377--1389},
  year={2014},
  publisher={Elsevier}
}
@article{german2009change,
  title={Change impact graphs: Determining the impact of prior codechanges},
  author={German, Daniel M and Hassan, Ahmed E and Robles, Gregorio},
  journal={Information and Software Technology},
  volume={51},
  number={10},
  pages={1394--1408},
  year={2009},
  publisher={Elsevier}
}
@inproceedings{sinha2010buginnings,
  title={BUGINNINGS: identifying the origins of a bug},
  author={Sinha, Vibha Singhal and Sinha, Saurabh and Rao, Swathi},
  booktitle={Proceedings of the 3rd India software engineering conference},
  pages={3--12},
  year={2010},
  organization={ACM}
}
@inproceedings{antoniol2008bug,
  title={Is it a bug or an enhancement?: a text-based approach to classify change requests},
  author={Antoniol, Giuliano and Ayari, Kamel and Di Penta, Massimiliano and Khomh, Foutse and Gu{\'e}h{\'e}neuc, Yann-Ga{\"e}l},
  booktitle={Proceedings of the 2008 conference of the center for advanced studies on collaborative research: meeting of minds},
  pages={23},
  year={2008},
  organization={ACM}
}
@inproceedings{herzig2013s,
  title={It's not a bug, it's a feature: how misclassification impacts bug prediction},
  author={Herzig, Kim and Just, Sascha and Zeller, Andreas},
  booktitle={Proceedings of the 2013 International Conference on Software Engineering},
  pages={392--401},
  year={2013},
  organization={IEEE Press}
}
@inproceedings{kamei2007effects,
  title={The effects of over and under sampling on fault-prone module detection},
  author={Kamei, Yasutaka and Monden, Akito and Matsumoto, Shinsuke and Kakimoto, Takeshi and Matsumoto, Ken-ichi},
  booktitle={Empirical Software Engineering and Measurement, 2007. ESEM 2007. First International Symposium on},
  pages={196--204},
  year={2007},
  organization={IEEE}
}
@inproceedings{matsumoto2010analysis,
  title={An analysis of developer metrics for fault prediction},
  author={Matsumoto, Shinsuke and Kamei, Yasutaka and Monden, Akito and Matsumoto, Ken-ichi and Nakamura, Masahide},
  booktitle={Proceedings of the 6th International Conference on Predictive Models in Software Engineering},
  pages={18},
  year={2010},
  organization={ACM}
}
@inproceedings{bavota2012does,
  title={When does a refactoring induce bugs? an empirical study},
  author={Bavota, Gabriele and De Carluccio, Bernardino and De Lucia, Andrea and Penta, Massimiliano Di and Oliveto, Rocco and Strollo, Orazio},
  booktitle={Source Code Analysis and Manipulation (SCAM), 2012 IEEE 12th International Working Conference on},
  pages={104--113},
  year={2012},
  organization={IEEE}
}

